[gd_scene load_steps=3 format=2]

[ext_resource path="res://steel_block/SteelBlock.tscn" type="PackedScene" id=1]
[ext_resource path="res://alloi/Alloi.tscn" type="PackedScene" id=2]

[node name="Level" type="Node2D"]

[node name="BlockLine" type="Node2D" parent="." index="0"]

editor/display_folded = true

[node name="SteelBlock" parent="BlockLine" index="0" instance=ExtResource( 1 )]

position = Vector2( 18, 18 )
_sections_unfolded = [ "Transform" ]

[node name="SteelBlock36" parent="BlockLine" index="1" instance=ExtResource( 1 )]

position = Vector2( 629.473, 17.9853 )
_sections_unfolded = [ "Transform" ]

[node name="SteelBlock18" parent="BlockLine" index="2" instance=ExtResource( 1 )]

position = Vector2( 324, 18 )
_sections_unfolded = [ "Transform" ]

[node name="SteelBlock35" parent="BlockLine" index="3" instance=ExtResource( 1 )]

position = Vector2( 935.473, 17.9853 )
_sections_unfolded = [ "Transform" ]

[node name="SteelBlock2" parent="BlockLine" index="4" instance=ExtResource( 1 )]

position = Vector2( 52, 18 )
_sections_unfolded = [ "Transform" ]

[node name="SteelBlock21" parent="BlockLine" index="5" instance=ExtResource( 1 )]

position = Vector2( 663.473, 17.9853 )
_sections_unfolded = [ "Transform" ]

[node name="SteelBlock12" parent="BlockLine" index="6" instance=ExtResource( 1 )]

position = Vector2( 358, 18 )
_sections_unfolded = [ "Transform" ]

[node name="SteelBlock29" parent="BlockLine" index="7" instance=ExtResource( 1 )]

position = Vector2( 969.473, 17.9853 )
_sections_unfolded = [ "Transform" ]

[node name="SteelBlock3" parent="BlockLine" index="8" instance=ExtResource( 1 )]

position = Vector2( 86, 18 )
_sections_unfolded = [ "Transform" ]

[node name="SteelBlock19" parent="BlockLine" index="9" instance=ExtResource( 1 )]

position = Vector2( 697.473, 17.9853 )
_sections_unfolded = [ "Transform" ]

[node name="SteelBlock10" parent="BlockLine" index="10" instance=ExtResource( 1 )]

position = Vector2( 392, 18 )
_sections_unfolded = [ "Transform" ]

[node name="SteelBlock26" parent="BlockLine" index="11" instance=ExtResource( 1 )]

position = Vector2( 1003.47, 17.9853 )
_sections_unfolded = [ "Transform" ]

[node name="SteelBlock4" parent="BlockLine" index="12" instance=ExtResource( 1 )]

position = Vector2( 120, 18 )
_sections_unfolded = [ "Transform" ]

[node name="SteelBlock23" parent="BlockLine" index="13" instance=ExtResource( 1 )]

position = Vector2( 731.473, 17.9853 )
_sections_unfolded = [ "Transform" ]

[node name="SteelBlock14" parent="BlockLine" index="14" instance=ExtResource( 1 )]

position = Vector2( 426, 18 )
_sections_unfolded = [ "Transform" ]

[node name="SteelBlock31" parent="BlockLine" index="15" instance=ExtResource( 1 )]

position = Vector2( 1037.47, 17.9853 )
_sections_unfolded = [ "Transform" ]

[node name="SteelBlock5" parent="BlockLine" index="16" instance=ExtResource( 1 )]

position = Vector2( 154, 18 )
_sections_unfolded = [ "Transform" ]

[node name="SteelBlock22" parent="BlockLine" index="17" instance=ExtResource( 1 )]

position = Vector2( 765.473, 17.9853 )
_sections_unfolded = [ "Transform" ]

[node name="SteelBlock13" parent="BlockLine" index="18" instance=ExtResource( 1 )]

position = Vector2( 460, 18 )
_sections_unfolded = [ "Transform" ]

[node name="SteelBlock30" parent="BlockLine" index="19" instance=ExtResource( 1 )]

position = Vector2( 1071.47, 17.9853 )
_sections_unfolded = [ "Transform" ]

[node name="SteelBlock6" parent="BlockLine" index="20" instance=ExtResource( 1 )]

position = Vector2( 188, 18 )
_sections_unfolded = [ "Transform" ]

[node name="SteelBlock20" parent="BlockLine" index="21" instance=ExtResource( 1 )]

position = Vector2( 799.473, 17.9853 )
_sections_unfolded = [ "Transform" ]

[node name="SteelBlock11" parent="BlockLine" index="22" instance=ExtResource( 1 )]

position = Vector2( 494, 18 )
_sections_unfolded = [ "Transform" ]

[node name="SteelBlock28" parent="BlockLine" index="23" instance=ExtResource( 1 )]

position = Vector2( 1105.47, 17.9853 )
_sections_unfolded = [ "Transform" ]

[node name="SteelBlock37" parent="BlockLine" index="24" instance=ExtResource( 1 )]

position = Vector2( 1241.47, 17.9853 )
_sections_unfolded = [ "Transform" ]

[node name="SteelBlock7" parent="BlockLine" index="25" instance=ExtResource( 1 )]

position = Vector2( 222, 18 )
_sections_unfolded = [ "Transform" ]

[node name="SteelBlock25" parent="BlockLine" index="26" instance=ExtResource( 1 )]

position = Vector2( 833.473, 17.9853 )
_sections_unfolded = [ "Transform" ]

[node name="SteelBlock16" parent="BlockLine" index="27" instance=ExtResource( 1 )]

position = Vector2( 528, 18 )
_sections_unfolded = [ "Transform" ]

[node name="SteelBlock33" parent="BlockLine" index="28" instance=ExtResource( 1 )]

position = Vector2( 1139.47, 17.9853 )
_sections_unfolded = [ "Transform" ]

[node name="SteelBlock39" parent="BlockLine" index="29" instance=ExtResource( 1 )]

position = Vector2( 1275.47, 17.9853 )
_sections_unfolded = [ "Transform" ]

[node name="SteelBlock8" parent="BlockLine" index="30" instance=ExtResource( 1 )]

position = Vector2( 256, 18 )
_sections_unfolded = [ "Transform" ]

[node name="SteelBlock24" parent="BlockLine" index="31" instance=ExtResource( 1 )]

position = Vector2( 867.473, 17.9853 )
_sections_unfolded = [ "Transform" ]

[node name="SteelBlock15" parent="BlockLine" index="32" instance=ExtResource( 1 )]

position = Vector2( 562, 18 )
_sections_unfolded = [ "Transform" ]

[node name="SteelBlock32" parent="BlockLine" index="33" instance=ExtResource( 1 )]

position = Vector2( 1173.47, 17.9853 )
_sections_unfolded = [ "Transform" ]

[node name="SteelBlock38" parent="BlockLine" index="34" instance=ExtResource( 1 )]

position = Vector2( 1309.47, 17.9853 )
_sections_unfolded = [ "Transform" ]

[node name="SteelBlock9" parent="BlockLine" index="35" instance=ExtResource( 1 )]

position = Vector2( 290, 18 )
_sections_unfolded = [ "Transform" ]

[node name="SteelBlock27" parent="BlockLine" index="36" instance=ExtResource( 1 )]

position = Vector2( 901.473, 17.9853 )
_sections_unfolded = [ "Transform" ]

[node name="SteelBlock17" parent="BlockLine" index="37" instance=ExtResource( 1 )]

position = Vector2( 596, 18 )
_sections_unfolded = [ "Transform" ]

[node name="SteelBlock34" parent="BlockLine" index="38" instance=ExtResource( 1 )]

position = Vector2( 1207.47, 17.9853 )
_sections_unfolded = [ "Transform" ]

[node name="SteelBlock40" parent="BlockLine" index="39" instance=ExtResource( 1 )]

position = Vector2( 1343.47, 17.9853 )
_sections_unfolded = [ "Transform" ]

[node name="Alloi" parent="." index="1" instance=ExtResource( 2 )]

position = Vector2( 687.013, 0.49794 )


